<record><leader>00000cas a22000007a 4500</leader><controlfield tag="001">12656879</controlfield><controlfield tag="008">851010d18511852wiuwr ne      0    0eng d</controlfield><datafield ind1=" " ind2=" " tag="010"><subfield code="a">sn 85041223 </subfield></datafield><datafield ind1=" " ind2=" " tag="040"><subfield code="a">NPV</subfield><subfield code="b">eng</subfield><subfield code="c">NPV</subfield><subfield code="d">OCLCQ</subfield></datafield><datafield ind1=" " ind2=" " tag="042"><subfield code="a">msc</subfield></datafield><datafield ind1=" " ind2=" " tag="045"><subfield code="a">w5w5</subfield></datafield><datafield ind1=" " ind2=" " tag="052"><subfield code="a">4123</subfield><subfield code="b">B7</subfield></datafield><datafield ind1="0" ind2="4" tag="245"><subfield code="a">The Depere advertiser.</subfield></datafield><datafield ind1="1" ind2="3" tag="246"><subfield code="a">De Pere advertiser</subfield></datafield><datafield ind1=" " ind2=" " tag="260"><subfield code="a">De Pere, Wis. :</subfield><subfield code="b">Baldwin &amp; Shreve,</subfield><subfield code="c">1851-1852.</subfield></datafield><datafield ind1=" " ind2=" " tag="300"><subfield code="a">v.</subfield></datafield><datafield ind1=" " ind2=" " tag="310"><subfield code="a">Weekly</subfield></datafield><datafield ind1="0" ind2=" " tag="362"><subfield code="a">Vol. 1, no. 1 (Feb. 5, 1851)-v. 1, no. 52 (Mar. 3, 1852).</subfield></datafield><datafield ind1=" " ind2=" " tag="500"><subfield code="a">Editors: S.E. Baldwin &amp; S.H. Shreve, Feb. 5, 1851-March 3, 1852.</subfield></datafield><datafield ind1=" " ind2=" " tag="530"><subfield code="a">Available on microfilm from the State Historical Society of Wisconsin.</subfield></datafield><datafield ind1=" " ind2=" " tag="752"><subfield code="a">United States</subfield><subfield code="b">Wisconsin</subfield><subfield code="c">Brown</subfield><subfield code="d">De Pere.</subfield></datafield><datafield ind1="1" ind2=" " tag="029"><subfield code="a">AU@</subfield><subfield code="b">000025811602</subfield></datafield></record>